@article{deerwesterIndexingLatentSemantic1990,
  langid = {english},
  title = {Indexing by {{Latent Semantic Analysis}}},
  volume = {41},
  issn = {0002-8231},
  number = {6},
  journaltitle = {Journal of the American Society for Information Science; New York, N.Y.},
  date = {1990-09-01},
  pages = {391--407},
  keywords = {Library/Information Science},
  author = {Deerwester, Scott and Dumais, Susan T. and Furnas, George W. and Landauer, Thomas K. and Harshman, Richard},
  file = {/Users/landes/opt/var/db/zotero/storage/ZQSTI72U/Deerwester et al. - 1990 - Indexing by Latent Semantic Analysis.pdf}
}
